<?xml version="1.0" encoding="utf-8" standalone="no"?>
<!DOCTYPE Archive SYSTEM "http://greenstone.org/dtd/Archive/1.0/Archive.dtd">
<Archive>
<Section>
  <Description>
    <Metadata name="gsdlsourcefilename">import\marc\locbeatles50.marc</Metadata>
    <Metadata name="gsdldoctype">indexed_doc</Metadata>
    <Metadata name="Language">en</Metadata>
    <Metadata name="Encoding">iso_8859_1</Metadata>
    <Metadata name="Source">locbeatles50.marc</Metadata>
    <Metadata name="SourceFile">locbeatles50.marc</Metadata>
    <Metadata name="SourceSegment">47</Metadata>
    <Metadata name="Plugin">MARCPlugin</Metadata>
    <Metadata name="dc.Format">Marc</Metadata>
    <Metadata name="FileFormat">MARC</Metadata>
    <Metadata name="dc.Title">Words of love &amp;#091;sound recording&amp;#093;.</Metadata>
    <Metadata name="dc.Publisher">&amp;#091;S.l.&amp;#093; :</Metadata>
    <Metadata name="dc.Publisher">Wizardo Records,</Metadata>
    <Metadata name="dc.Date">&amp;#091;1964&amp;#093;</Metadata>
    <Metadata name="dc.Description">Brief record.</Metadata>
    <Metadata name="dc.Description">Love me do -- Please please me -- From me to you -- I saw her standing there -- Misery -- Do you want to know a secret -- There's a place -- Anna -- Chains -- Boys -- She loves you -- Till there was you -- Roll over Beethoven -- You really got a hold on me -- She's got the devil in her heart -- Money -- Long tall Sally -- Honey don't -- Kansas City -- Words of love.</Metadata>
    <Metadata name="dc.Description">Performed by the Beatles.</Metadata>
    <Metadata name="dc.Subject">Rock music 1961-1970.</Metadata>
    <Metadata name="dc.Creator">Beatles. prf</Metadata>
    <Metadata name="Identifier">HASH6f7737a884fe1d1c2b476fs47</Metadata>
    <Metadata name="lastmodified">1544417200</Metadata>
    <Metadata name="lastmodifieddate">20181210</Metadata>
    <Metadata name="oailastmodified">1544528984</Metadata>
    <Metadata name="oailastmodifieddate">20181211</Metadata>
    <Metadata name="assocfilepath">HASH6f77/37a884fe/1d1c2b47/6fs47.dir</Metadata>
  </Description>
  <Content>&lt;pre&gt;
 LDR 01241njm  22003017a 4500
001     5778143
005     19960316050636.3
007     sdubsmennmplue
008     960315s1964    xx uun              eng  
035    _9 (DLC)   96791979
906    _a 7
       _b cbc
       _c orignew
       _d 3
       _e ncip
       _f 19
       _g y-genmusic
955    _a vn23
010    _a    96791979 
028 00 _a 2 WRMB 326
       _b Wizardo Records
035    _a (OCoLC)34373380 
040    _a DLC
       _c DLC
050 00 _a Wizardo Records 2 WRMB 326
245 00 _a Words of love
       _h [sound recording].
260    _a [S.l.] :
       _b Wizardo Records,
       _c [1964]
300    _a 1 sound disc :
       _b analog, 33 1/3 rpm, stereo. ;
       _c 12 in.
511 0  _a Performed by the Beatles.
505 0  _a Love me do -- Please please me -- From me to you -- I saw
 her standing there -- Misery -- Do you want to know a secret --
 There's a place -- Anna -- Chains -- Boys -- She loves you --
 Till there was you -- Roll over Beethoven -- You really got a
 hold on me -- She's got the devil in her heart -- Money -- Long
 tall Sally -- Honey don't -- Kansas City -- Words of love.
500    _a Brief record.
650  0 _a Rock music
       _y 1961-1970.
710 2  _a Beatles.
       _4 prf
953    _a TA28
985    _a 9603
991    _b c-RecSound
       _h Wizardo Records 2 WRMB 326
       _w MUSIC
&lt;/pre&gt;
</Content>
</Section>
</Archive>
